
@misc{williamstallings,
  author       = {William Stallings},
  howpublished = {https://www.drdobbs.com/the-set-standard-e-commerce/184404309},
  title        = {The SET Standard and E-Commerce},
  year         = {2000}
}

@misc{ellenmessmer,
  author       = {Ellen Messmer},
  howpublished = {https://web.archive.org/web/20140531105537/http://www.networkworld.com/news/2012/120412-elgamal-264739.html},
  title        = {News Father of SSL, Dr. Taher Elgamal, finds fast-moving IT projects in the Middle East},
  year         = {2012}
}

@misc{sslprotocol,
  author       = {SSL Protocol},
  howpublished = {https://web.archive.org/web/19970614020952/http://home.netscape.com/newsref/std/SSL.html},
  title        = {THE SSL PROTOCOL},
  year         = {1997}
}

@misc{pct,
  author       = {Josh Benaloh and Butler Lampson and Daniel Simon and Terence Spies and Bennet Yee and Microsoft Corp},
  howpublished = {http://graphcomp.com/info/specs/ms/pct.htm},
  title        = {The Private Communication Technology (PCT) Protocol},
  year         = {1995}
}